@online{listsort,
  title        = {listsort.py},
  organization = {The PyPy Project},
  author       = {Carl Friedrich Bolz-Tereick},
  date         = {2022-04-01},
  url          = {https://foss.heptapod.net/pypy/pypy/-/blob/ab3f173b52ba0b51b155c372af40de3d85a855a7/rpython/rlib/listsort.py}
}
@online{rpythonobj,
  title        = {RPython Language - RPython Documentation},
  organization = {The PyPy Project},
  date         = {2024-01-04},
  url          = {https://rpython.readthedocs.io/en/latest/rpython.html#object-restrictions}
}
